<?xml version="1.0" encoding="UTF-8"?>
<record xmlns="http://www.loc.gov/MARC21/slim">
   <leader>01996cam a2200409 a 4500</leader>
   <controlfield tag="001">441593</controlfield>
   <controlfield tag="003">NjP</controlfield>
   <controlfield tag="005">20171013100156.0</controlfield>
   <controlfield tag="008">880502s1984    ir       b    000 0 ara d</controlfield>
   <datafield tag="024" ind1="7" ind2=" ">
      <subfield code="a">princeton_aco003443</subfield>
      <subfield code="2">local</subfield>
   </datafield>
   <datafield ind1=" " ind2=" " tag="035">
      <subfield code="a">(OCoLC)ocn175973392</subfield>
   </datafield>
   <datafield ind1=" " ind2=" " tag="040">
      <subfield code="a">NjP</subfield>
      <subfield code="c">PUL</subfield>
      <subfield code="d">PUL</subfield>
   </datafield>
   <datafield ind1=" " ind2=" " tag="035">
      <subfield code="a">(OCoLC)175973392</subfield>
   </datafield>
   <datafield ind1=" " ind2=" " tag="035">
      <subfield code="a">(CStRLIN)NJPG88-B22609</subfield>
   </datafield>
   <datafield ind1=" " ind2=" " tag="035">
      <subfield code="9">ACB7208TS</subfield>
   </datafield>
   <datafield ind1=" " ind2=" " tag="035">
      <subfield code="a">(NjP)441593</subfield>
   </datafield>
   <datafield ind1=" " ind2=" " tag="043">
      <subfield code="a">f------</subfield>
      <subfield code="a">a------</subfield>
   </datafield>
   <datafield ind1=" " ind2=" " tag="079">
      <subfield code="a">ocm25296612</subfield>
   </datafield>
   <datafield ind1=" " ind2=" " tag="049">
      <subfield code="a">PULL</subfield>
   </datafield>
   <datafield ind1="1" ind2=" " tag="100">
      <subfield code="6">880-01</subfield>
      <subfield code="a">Shaykh al-Sharīʻah al-Aṣfahānī,</subfield>
      <subfield code="d">1850-1920 or 21.</subfield>
      <subfield code="0">http://id.loc.gov/authorities/names/nr89017818</subfield>
   </datafield>
   <datafield ind1="1" ind2="0" tag="245">
      <subfield code="6">880-02</subfield>
      <subfield code="a">Ibānat al-mukhtār fī irth al-zawjah /</subfield>
      <subfield code="c">li-shaykh al-fuqahāʼ Shaykh al-Sharīʻah al-Iṣfahānī. wa-Talīhi rasāʼil thalāth ; [taḥqīq Muḥammad al-Fāḍil al-Qāʼīnī].</subfield>
   </datafield>
   <datafield ind1=" " ind2=" " tag="260">
      <subfield code="6">880-03</subfield>
      <subfield code="a">Qum :</subfield>
      <subfield code="b">Dār al-Qurʼān al-karīm,</subfield>
      <subfield code="c">1405 [1984 or 1985]</subfield>
   </datafield>
   <datafield ind1=" " ind2=" " tag="300">
      <subfield code="a">4, 204 p. ;</subfield>
      <subfield code="c">24 cm.</subfield>
   </datafield>
   <datafield ind1=" " ind2=" " tag="500">
      <subfield code="a">Title from cover: Ṣiyānat al-ibānah.</subfield>
   </datafield>
   <datafield ind1=" " ind2=" " tag="504">
      <subfield code="a">Includes bibliographical references.</subfield>
   </datafield>
   <datafield ind1=" " ind2="0" tag="650">
      <subfield code="a">Widow's allowance</subfield>
      <subfield code="x">Islamic countries.</subfield>
   </datafield>
   <datafield ind1=" " ind2="0" tag="650">
      <subfield code="a">Inheritance and succession (Islamic law)</subfield>
      <subfield code="0">http://id.loc.gov/authorities/subjects/sh85066384</subfield>
   </datafield>
   <datafield ind1="1" ind2=" " tag="700">
      <subfield code="6">880-04</subfield>
      <subfield code="a">Qāʼīnī al-Najafī, Muḥammad Fāḍil.</subfield>
   </datafield>
   <datafield ind1="0" ind2=" " tag="740">
      <subfield code="6">880-05</subfield>
      <subfield code="a">Ṣiyānat al-ibānah.</subfield>
   </datafield>
   <datafield ind1="1" ind2=" " tag="880">
      <subfield code="6">100-01/r</subfield>
      <subfield code="a">شيخ الشريعة الاصفهاني،</subfield>
      <subfield code="d">1850-1920 or 21.</subfield>
   </datafield>
   <datafield ind1="1" ind2="0" tag="880">
      <subfield code="6">245-02/r</subfield>
      <subfield code="a">ابانة المختار في ارث الزوجة /</subfield>
      <subfield code="c">لشيخ الفقهاء شيخ الشريعة الاصفهاني. وتليه رسائل ثلاث ؛ [تحقيق محمد الفاضل القائيني].</subfield>
   </datafield>
   <datafield ind1=" " ind2=" " tag="880">
      <subfield code="6">260-03/r</subfield>
      <subfield code="a">قم :</subfield>
      <subfield code="b">دار القرآن الكريم،</subfield>
      <subfield code="c">1405 [1984 or 1985]</subfield>
   </datafield>
   <datafield ind1="1" ind2=" " tag="880">
      <subfield code="6">700-04/r</subfield>
      <subfield code="a">قائيني النجفي، محمد فاضل.</subfield>
   </datafield>
   <datafield ind1="0" ind2=" " tag="880">
      <subfield code="6">740-05/r</subfield>
      <subfield code="a">صيانة الابانة.</subfield>
   </datafield>
   <datafield ind1=" " ind2=" " tag="998">
      <subfield code="a">02/04/92</subfield>
      <subfield code="s">9118</subfield>
      <subfield code="n">NjP</subfield>
      <subfield code="w">NJPG88B22609</subfield>
      <subfield code="d">05/02/88</subfield>
      <subfield code="c">JEB</subfield>
      <subfield code="b">JEB</subfield>
      <subfield code="i">920204</subfield>
      <subfield code="l">NJPG</subfield>
   </datafield>
   <datafield ind1=" " ind2=" " tag="911">
      <subfield code="a">19921028</subfield>
   </datafield>
   <datafield ind1=" " ind2=" " tag="912">
      <subfield code="a">19920204000000.0</subfield>
   </datafield>
   <datafield ind1=" " ind2=" " tag="994">
      <subfield code="a">C0</subfield>
      <subfield code="b">PUL</subfield>
   </datafield>
   <datafield ind1=" " ind2=" " tag="999">
      <subfield code="a">441593</subfield>
   </datafield>
   <datafield ind1="8" ind2="0" tag="852">
      <subfield code="0">480846</subfield>
      <subfield code="b">rcppa</subfield>
      <subfield code="t">1</subfield>
      <subfield code="h">KBL</subfield>
      <subfield code="i">.S5295</subfield>
      <subfield code="x">tr fr arab</subfield>
   </datafield>
   <datafield ind1=" " ind2=" " tag="959">
      <subfield code="a">2000-06-13 00:00:00 -0400</subfield>
   </datafield>
</record>
